
@ARTICLE{bamer93,
  author = {Bamer, F. and Oswatitsch, M.},
  year = 1993,
  title = {Kraftstoffzuteilung beim Ottomotor},
  journal = {VDI Fortschrittsberichte, Reihe 12:
            Verkehrstechnik/Fahrzeugtechnik},
  number = 180
}
@MASTERSTHESIS{schoof2014,
  author = {Schoof, E.},
  year = 2014,
  title = {Grobstruktursimulation einer Filmkühlbohrung mit Hilfe von OpenFOAM},
  school = {Institut für Thermische Strömungsmaschinen (ITS), Karlsruher Institut für Technologie (KIT)},
  type = {{Masterarbeit}}
}
@BOOK{schruefer90,
  author = {Schrüfer, E.},
  year = 1990,
  title = {{Signalverarbeitung -- Numerische Verarbeitung digitaler Signale}},
  publisher = {Carl Hanser Verlag},
  address = {München / Wien}
}
@ARTICLE{winklhofer91,
  author = {Winklhofer, E. and Plimon, A.},
  year = 1991,
  title = {Monitoring of Hydrocarbon Fuel-Air Mixtures by Means of a Light
          Extinction Technique in Optically Accessed Research Engines},
  journal = {Optical Engineering},
  volume = 30,
  number = 9,
  pages = {1262 -- 1268}
}
@inproceedings{keller2016,
	title={Numerical Modeling of Oil-Jet Lubrication for Spur
	Gears using Smoothed Particle Hydrodynamics},
	author={Keller, M. and Braun, S. and Wieth, L. and Chaussonnet, G. and Dauch, T. and Koch, R. and Höfler, C. and Bauer, H.-J.},
	booktitle={Proceedings of the 11th international SPHERIC Workshop},
	year={2016},
}
@PHDTHESIS{baldauf2001,
	title = {Filmkühlung thermisch höchstbelasteter Oberflächen : Korrelation thermographischer Messungen},
	school = {Uni\-ver\-si\-t\"at Karls\-ruhe (T.H.)},
	type = {Dissertation, {I}nstitut für {T}her\-mi\-sche
	{S}trö\-mungs\-ma\-schi\-nen},
	series = {Forschungsberichte aus dem Institut für Thermische Strömungsmaschinen ; 12},
	author = {Baldauf, S.},
	publisher = {Logos-Verl.},
	year = {2001},
	isbn = {3-89722-639-1},
	keywords = {Heißgasturbine / Filmkühlung / Thermografie / Oberflächenmessung},
	bestand = {Sächsische Landesbibliothek - Staats- und Universitätsbibliothek <14>;
	Karlsruher Institut für Technologie (KIT) - KIT-Bibliothek <90> [Signatur: 2001 DA 131];
	},
}
@phdthesis{denecke2008,
	title = {Rotierende Labyrinthdichtungen mit Honigwabenanstreifbelägen : Untersuchung der Wechselwirkung von Durchflussverhalten, Drallverlauf und Totaltemperaturänderung},
	series = {Forschungsberichte aus dem Institut für Thermische Strömungsmaschinen ; 39},
	school = {Uni\-ver\-si\-t\"at Karls\-ruhe (T.H.)},
	type = {Dissertation, {I}nstitut für {T}her\-mi\-sche
	{S}trö\-mungs\-ma\-schi\-nen},
	author = {Denecke, J.},
	publisher = {Logos},
	year = {2008},
	isbn = {978-3-8325-1850-9},
	size = {X, 172 S. : Ill., graph. Darst.},
	keywords = {Gasturbine / Labyrinthdichtung / Luftsystem / Sekundärluft / Drallströmung / Durchfluss},
	bestand = {Karlsruher Institut für Technologie (KIT) - KIT-Bibliothek <90> [Signatur: 2008 A 1439];
	},
}
@article{wieth2016,
	title={Smoothed Particle Hydrodynamics (SPH) simulation of a high-pressure homogenization process},
	author={Wieth, L and Kelemen, K and Braun, S and Koch, R and Bauer, H-J and Schuchmann, HP},
	journal={Microfluidics and Nanofluidics},
	volume={20},
	number={2},
	pages={1--18},
	year={2016},
	publisher={Springer}
}

@misc{Weygand18,
  author        = {Daniel Weygand},
  title         = {Lecture notes in Wissenschaftliches Progammieren fuer Ingenieure},
  month         = {September},
  year          = {2018},
  publisher     = {IAM-CMS, Karlsruhe Institute of Technology}
}

@misc{ANN10,
  author        = {David M. Mount and Sunil Arya},
  title         = {ANN: A Library for Approximate Nearest Neighbor Searching},
  year          = {2010},
  howpublished  = {http://www.cs.umd.edu/~mount/ANN/},
  now           = {Acessed: 2018-11-20}
 }

@misc{Mount10,
  author        = {David M. Mount and Sunil Arya},
  title         = {ANN Programming Manual, V1.1.1},
  day           = {27},
  month         = {January},
  year          = {2010},
  publisher     = {David M. Mount and Sunil Arya}
}